@misc{enwiki:1213793607,
	author = "{Wikipedia contributors}",
	title = "RAID --- {Wikipedia}{,} The Free Encyclopedia",
	year = "2024",
	url = "https://en.wikipedia.org/w/index.php?title=RAID&oldid=1213793607",
	note = "[Online; accessed April-2024]"
}

@misc{WT,
	author = "{WunderTech}",
	title = "{OpenMediaVault vs. TrueNAS}",
	year = "2024",
	url = "https://www.wundertech.net/openmediavault-vs-truenas/",
	note = "[Online; accessed April-2024]"
}

@misc{MK,
	author = "{Madhuri Kumari}",
	title = "{How much disk is required for RAID Configurations?}",
	year = "2024",
	url = "https://techchefmadhuri.medium.com/how-much-disk-is-required-for-raid-configurations-bff57138e457",
	note = "[Online; accessed April-2024]"
}